@inproceedings{Bodenstab2011,
address = {Portland, Oregon},
author = {Bodenstab, Nathan and Dunlop, Aaron and Hall, Keith and Roark, Brian},
booktitle = {Proceedings of the 49th Annual Meeting of the Association for Computational Linguistics},
file = {:home/joseph/Downloads/P11-1045.pdf:pdf},
pages = {440--449},
publisher = {Association for Computational Linguistics},
title = {{Beam-Width Prediction for Efficient Context-Free Parsing}},
year = {2011}
}
@inproceedings{Bodenstab2011a,
address = {Portland, Oregon},
author = {Bodenstab, Nathan and Hollingshead, Kristy and Roark, Brian},
booktitle = {Proceedings of the 49th Annual Meeting of the Association for Computational Linguistics},
file = {:home/joseph/Downloads/P11-2119.pdf:pdf},
pages = {676--681},
publisher = {Association for Computational Linguistics},
title = {{Unary Constraints for Efficient Context-Free Parsing}},
year = {2011}
}
@inproceedings{Hayashi2012,
author = {Hayashi, Katsuhiko and Watanabe, Taro and Asahara, Masayuki and Matsumoto, Yuji},
booktitle = {Proceedings of the 50th Annual Meeting of the Association for Computational Linguistics},
file = {:home/joseph/Downloads/acl2012-149.pdf:pdf},
pages = {657--665},
title = {{Head-driven Transition-based Parsing with Top-down Prediction}},
year = {2012}
}
@inproceedings{Klein2001,
address = {Toulouse, France},
author = {Klein, Dan and Manning, CD},
booktitle = {Proceedings of the 39th Annual Meeting of the Association for Computational Linguistics},
file = {:home/joseph/Downloads/P01-1044.pdf:pdf},
pages = {330--337},
publisher = {Association for Computational Linguistics},
title = {{Parsing with treebank grammars: Empirical bounds, theoretical models, and the structure of the Penn treebank}},
url = {http://dl.acm.org/citation.cfm?id=1073056},
year = {2001}
}
@inproceedings{Roark2009,
address = {Boulder, Colorado},
author = {Roark, Brian and Hollingshead, Kristy},
booktitle = {NAACL-HLT 2009},
file = {:home/joseph/Dropbox/N09-1073.pdf:pdf},
pages = {647--655},
title = {{Linear Complexity Context-Free Parsing Pipelines via Chart Constraints}},
year = {2009}
}
@inproceedings{Roark2008,
address = {Manchester},
author = {Roark, Brian and Hollingshead, Kristy},
booktitle = {Proceedings of the 22nd International Conference on Computational Linguistics (Coling 2008)},
file = {:home/joseph/Downloads/C08-1094.pdf:pdf},
pages = {745--752},
title = {{Classifying chart cells for quadratic complexity context-free inference}},
year = {2008}
}
@article{Roark2012,
author = {Roark, Brian and Hollingshead, Kristy and Bodenstab, Nathan},
file = {:home/joseph/Downloads/coli\_a\_00109.pdf:pdf},
journal = {Computational Linguistics},
number = {4},
pages = {702--753},
title = {{Finite-State Chart Constraints for Reduced Complexity Context-Free Parsing Pipelines}},
volume = {38},
year = {2012}
}
@article{Yarmohammadi2014,
author = {Yarmohammadi, Mahsa and Dunlop, Aaron and Roark, Brian},
file = {:home/joseph/Downloads/P14-2129.pdf:pdf},
pages = {797--802},
title = {{Transforming trees into hedges and parsing with “ hedgebank ” grammars}},
year = {2014}
}
@inproceedings{Klein2003,
address = {Sapporo, Japan},
author = {Klein, Dan and Manning, Christopher D},
booktitle = {Proceedings of the 41st Annual Meeting of the Association for Computational Linguistics},
doi = {10.3115/1075096.1075150},
month = jul,
pages = {423--430},
publisher = {Association for Computational Linguistics},
title = {{Accurate Unlexicalized Parsing}},
url = {http://www.aclweb.org/anthology/P03-1054},
year = {2003}
}
@inproceedings{Yoshinaga2010,
address = {Beijing},
author = {Yoshinaga, Naoki and Kitsuregawa, Masaru},
booktitle = {Proceedings of the 23rd International Conference on Computational Linguistics {COLING} 2010},
editor = {Huang, Chu-Ren and Jurafsky, Dan},
pages = {1245--1253},
publisher = {Tsinghua University Press},
title = {{Kernel Slicing: Scalable Online Training with Conjunctive Features}},
url = {http://aclweb.org/anthology/C10-1140},
year = {2010}
}
